<?xml version="1.0" encoding="UTF-8"?><collection xmlns="http://www.loc.gov/MARC21/slim"><record><leader>00524nam--2200169-i-4500</leader><controlfield tag="001">000020206</controlfield><controlfield tag="002">20161230</controlfield><controlfield tag="005">20161230201033</controlfield><controlfield tag="008">060222s1000------------r-----000-0-eng-d</controlfield><datafield ind1=" " ind2=" " tag="040"><subfield code="a">IFIN-HH</subfield></datafield><datafield ind1=" " ind2=" " tag="080"><subfield code="a">539.186.2:539.124</subfield></datafield><datafield ind1="1" ind2=" " tag="100"><subfield code="a">Drukarev, G.F</subfield></datafield><datafield ind1="1" ind2="0" tag="245"><subfield code="a">The theory of electron-atom collisions</subfield><subfield code="b">Translated from the russian by s. chomet, translation edited by j.b. hasted</subfield><subfield code="c">G.f. drukarev</subfield></datafield><datafield ind1=" " ind2=" " tag="260"><subfield code="a">London</subfield><subfield code="b">Academic Press</subfield><subfield code="c">1965</subfield></datafield><datafield ind1=" " ind2=" " tag="300"><subfield code="a">XI + 161 P</subfield></datafield><datafield ind1=" " ind2=" " tag="852"><subfield code="a">76258</subfield><subfield code="c">539.18</subfield></datafield><datafield ind1=" " ind2=" " tag="CAT"><subfield code="a">Sys</subfield><subfield code="c">20120711</subfield><subfield code="h">160416</subfield></datafield></record></collection>